@InProceedings{simgrid,
  author =    {Casanova, Henri and Legrand, Arnaud and Quinson, Martin},
  title =     {{SimGrid: a Generic Framework for Large-Scale Distributed Experiments}},
  booktitle = {10th IEEE International Conference on Computer Modeling and Simulation},
  year =       2008,
  month =      mar
}
